<record xmlns='http://www.loc.gov/MARC21/slim'><leader>01117ncm a2200325   4500</leader><controlfield tag='001'>a289220</controlfield><controlfield tag='003'>SIRSI</controlfield><controlfield tag='005'>20150321050002.0</controlfield><controlfield tag='008'>890203s1943    enksyu   hi    n        c</controlfield><datafield ind1=' ' ind2=' ' tag='010'><subfield code='a'>a  45004288</subfield></datafield><datafield ind1=' ' ind2=' ' tag='035'><subfield code='a'>(CStRLIN)CSUG89-C857</subfield></datafield><datafield ind1=' ' ind2=' ' tag='035'><subfield code='a'>(OCoLC-M)67404813</subfield></datafield><datafield ind1=' ' ind2=' ' tag='035'><subfield code='a'>(OCoLC-I)272201166</subfield></datafield><datafield ind1=' ' ind2=' ' tag='040'><subfield code='a'>CtY-Mus</subfield><subfield code='c'>CtY-Mus</subfield><subfield code='d'>NNU</subfield><subfield code='d'>CSt</subfield><subfield code='d'>OrLoB</subfield></datafield><datafield ind1='0' ind2=' ' tag='041'><subfield code='g'>engspa</subfield></datafield><datafield ind1=' ' ind2=' ' tag='045'><subfield code='a'>w6x1</subfield></datafield><datafield ind1=' ' ind2=' ' tag='048'><subfield code='a'>oa</subfield></datafield><datafield ind1='1' ind2=' ' tag='100'><subfield code='a'>Mahler, Gustav,</subfield><subfield code='d'>1860-1911.</subfield><subfield code=' '>^A230732</subfield></datafield><datafield ind1='1' ind2='0' tag='240'><subfield code='a'>Symphonies,</subfield><subfield code='n'>no. 3,</subfield><subfield code='r'>D minor</subfield><subfield code=' '>^A230732</subfield></datafield><datafield ind1='0' ind2='0' tag='245'><subfield code='a'>Symphony no. 3, D minor.</subfield></datafield><datafield ind1=' ' ind2=' ' tag='250'><subfield code='a'>[Rev. ed.]</subfield></datafield><datafield ind1=' ' ind2=' ' tag='260'><subfield code='a'>London,</subfield><subfield code='a'>New York,</subfield><subfield code='b'>Boosey &amp; Hawkes</subfield><subfield code='c'>[c1943]</subfield></datafield><datafield ind1=' ' ind2=' ' tag='300'><subfield code='a'>231 p.</subfield><subfield code='c'>27 cm.</subfield></datafield><datafield ind1='0' ind2=' ' tag='490'><subfield code='a'>Hawkes pocket scores.</subfield><subfield code='v'>[No. 580]</subfield></datafield><datafield ind1=' ' ind2=' ' tag='500'><subfield code='a'>&quot;Gustav Mahler (1860-1911) Symphony no. 3 ... Analysis. [c1944]&quot; in English and Spanish (signed: F. Stiedry): 6 p. inserted.</subfield></datafield><datafield ind1=' ' ind2=' ' tag='596'><subfield code='a'>18</subfield></datafield><datafield ind1=' ' ind2='0' tag='650'><subfield code='a'>Symphonies</subfield><subfield code='x'>Scores.</subfield><subfield code=' '>^A1066579</subfield></datafield><datafield ind1='1' ind2=' ' tag='700'><subfield code='a'>Stiedry, Fritz.</subfield><subfield code=' '>^A453165</subfield></datafield><datafield ind1='0' ind2='4' tag='699'><subfield code=' '>SP8</subfield><subfield code='a'>CSUG MII</subfield></datafield><datafield ind1=' ' ind2=' ' tag='999'><subfield code='a'>M1001 .M21 S93 1943</subfield><subfield code='w'>LC</subfield><subfield code='c'>1</subfield><subfield code='i'>36105042148457</subfield><subfield code='d'>4/1/2010</subfield><subfield code='e'>1/3/2010</subfield><subfield code='j'>2</subfield><subfield code='l'>SCORES</subfield><subfield code='m'>MUSIC</subfield><subfield code='n'>18</subfield><subfield code='q'>2</subfield><subfield code='r'>Y</subfield><subfield code='s'>Y</subfield><subfield code='t'>SCORE</subfield><subfield code='u'>2/3/1989</subfield></datafield></record>